
@techreport{julianfraillon2024,
	title = {An International Perspective on Digital Literacy: Results from ICILS 2023},
	author = {Julian Fraillon, Editor},
	year = {2024},
	date = {2024},
	url = {https://eric.ed.gov/?id=ED661744},
	note = {ERIC Number: ED661744},
	langid = {en}
}

@book{pisa2022024,
	title = {PISA 2022 Technical Report},
	year = {2024},
	date = {2024},
	publisher = {OECD Publishing},
	note = {Citation Key: oecdPISA2022Technical2024},
	langid = {english}
}

@inbook{pisa2022023,
	title = {PISA 2022 ICT Framework},
	year = {2023},
	date = {2023},
	publisher = {OECD Publishing},
	pages = {238{\textendash}285},
	note = {Citation Key: oecdPISA2022ICT2023},
	address = {Paris},
	langid = {english}
}

@book{rosseel2024,
	title = {lavaan: Latent Variable Analysis},
	author = {Rosseel, Yves and Jorgensen, Terrence D. and Wilde, Luc De and Oberski, Daniel and Byrnes, Jarrett and Vanbrabant, Leonard and Savalei, Victoria and Merkle, Ed and Hallquist, Michael and Rhemtulla, Mijke and Katsikatsou, Myrsini and Barendse, Mariska and Rockwood, Nicholas and Scharf, Florian and Du, Han and Jamil, Haziq and Classe, Franz},
	year = {2024},
	month = {09},
	date = {2024-09-26},
	url = {https://cran.r-project.org/web/packages/lavaan/index.html}
}

@article{rosseel2012,
	title = {lavaan: An R Package for Structural Equation Modeling},
	author = {Rosseel, Yves},
	year = {2012},
	month = {05},
	date = {2012-05-24},
	journal = {Journal of Statistical Software},
	pages = {1--36},
	volume = {48},
	doi = {10.18637/jss.v048.i02},
	url = {https://doi.org/10.18637/jss.v048.i02},
	langid = {en}
}

@article{bates2015,
	title = {Fitting Linear Mixed-Effects Models Using lme4},
	author = {Bates, Douglas and {MÃ¤chler}, Martin and Bolker, Ben and Walker, Steve},
	year = {2015},
	month = {10},
	date = {2015-10-07},
	journal = {Journal of Statistical Software},
	pages = {1--48},
	volume = {67},
	doi = {10.18637/jss.v067.i01},
	url = {https://doi.org/10.18637/jss.v067.i01},
	langid = {en}
}

@book{brown2015,
	title = {Confirmatory Factor Analysis for Applied Research: Second Edition},
	author = {Brown, {Timothy, A.}},
	year = {2015},
	month = {01},
	date = {2015-01-08},
	publisher = {Guildford},
	url = {https://www.guilford.com/books/Confirmatory-Factor-Analysis-for-Applied-Research/Timothy-Brown/9781462515363?srsltid=AfmBOoptcYVzN648w0qDYYf-WNzkgmnWX7pgIT58ThKvyohpWlg1F21S},
	langid = {canadian}
}

@article{davidov2014,
	title = {Measurement equivalence in cross-national research},
	author = {Davidov, Eldad and Meuleman, Bart and Cieciuch, Jan and Schmidt, Peter and Billiet, Jaak},
	year = {2014},
	date = {2014},
	journal = {Annual Review of Sociology},
	pages = {55--75},
	volume = {40},
	doi = {10.1146/annurev-soc-071913-043137},
	note = {Place: US
Publisher: Annual Reviews}
}

@book{beaujean2014,
	title = {Latent Variable Modeling Using R: A Step-by-Step Guide},
	author = {Beaujean, A. Alexander},
	year = {2014},
	month = {05},
	date = {2014-05-08},
	publisher = {Routledge},
	note = {DOI: 10.4324/9781315869780},
	address = {New York}
}

@book{wang,
	title = {Structural Equation Modeling: Applications Using Mplus},
	author = {Wang, Jichuan and Wang, Xiaoqian},
	publisher = {John Wiley & Sons, Ltd.},
	url = {http://dx.doi.org/10.1002/9781118356258}
}

@book{wang2012,
	title = {Structural Equation Modeling: Applications Using Mplus},
	author = {Wang, Jichuan and Wang, Xiaoqian},
	publisher = {John Wiley & Sons, Ltd.},
	url = {http://dx.doi.org/10.1002/9781118356258}
}

@article{cheung2002,
	title = {Evaluating goodness-of-fit indexes for testing measurement invariance},
	author = {Cheung, Gordon W. and Rensvold, Roger B.},
	year = {2002},
	date = {2002},
	journal = {Structural Equation Modeling},
	pages = {233--255},
	volume = {9},
	number = {2},
	doi = {10.1207/S15328007SEM0902_5},
	note = {Place: US
Publisher: Lawrence Erlbaum}
}

@article{milfont2010,
	title = {Testing measurement invariance across groups: applications in cross-cultural research.},
	author = {Milfont, Taciano L. and Fischer, Ronald},
	year = {2010},
	month = {06},
	date = {2010-06-30},
	journal = {International Journal of Psychological Research},
	pages = {111--130},
	volume = {3},
	number = {1},
	doi = {10.21500/20112084.857},
	url = {https://revistas.usb.edu.co/index.php/IJPR/article/view/857},
	langid = {en}
}

@article{rutkowski2017,
	title = {Measurement Invariance in International Surveys: Categorical Indicators and Fit Measure Performance},
	author = {Rutkowski, Leslie and Svetina, Dubravka},
	year = {2017},
	month = {01},
	date = {2017-01-02},
	journal = {Applied Measurement in Education},
	pages = {39--51},
	volume = {30},
	number = {1},
	doi = {10.1080/08957347.2016.1243540},
	url = {https://www.tandfonline.com/doi/full/10.1080/08957347.2016.1243540},
	note = {Publisher: Routledge}
}
